@INPROCEEDINGS{5G_architecture,
  author={Vittal, Shwetha and Sarkar, Sourav and P S, Prashanth and A, Antony Franklin},
  booktitle={2021 17th International Conference on Network and Service Management (CNSM)}, 
  title={A Zero Touch Emulation Framework for Network Slicing Management in a 5G Core Testbed}, 
  year={2021},
  volume={},
  number={},
  pages={521-523},
  keywords={Enhanced mobile broadband;Automation;Network slicing;Buildings;Emulation;Massive machine type communications;Ultra reliable low latency communication},
  doi={10.23919/CNSM52442.2021.9615531}
}

@ARTICLE{Network_Slicing,
  author={Ordonez-Lucena, Jose and Ameigeiras, Pablo and Lopez, Diego and Ramos-Munoz, Juan J. and Lorca, Javier and Folgueira, Jesus},
  journal={IEEE Communications Magazine}, 
  title={Network Slicing for 5G with SDN/NFV: Concepts, Architectures, and Challenges}, 
  year={2017},
  volume={55},
  number={5},
  pages={80-87},
  keywords={5G mobile communication;Wireless communication;Virtualization;Servers;Indium phosphide;III-V semiconductor materials;Software defined networking},
  doi={10.1109/MCOM.2017.1600935}
}

@article{5G_verticais,
  author    = {Syed Hasan Ahmed Kazmi and Faizan Qamar and Rizwan Hassan and others},
  title     = {Survey on Joint Paradigm of 5G and SDN Emerging Mobile Technologies: Architecture, Security, Challenges and Research Directions},
  journal   = {Wireless Personal Communications},
  year      = {2023},
  volume    = {130},
  pages     = {2753--2800},
  doi       = {10.1007/s11277-023-10402-7}
}

@ARTICLE{Recommended_SDN_Wireless,
  author={{IEEE Std 1930.1-2022}},
  journal={IEEE Std 1930.1-2022}, 
  title={IEEE Recommended Practice for Software-Defined Networking (SDN) Based Middleware for Control and Management of Wireless Networks}, 
  year={2022},
  volume={},
  number={},
  pages={1-119},
  keywords={IEEE Standards;Wireless networks;Radio access networks;Middleware;Radio access technologies;5G mobile communication;Software defined networking;fifth generation (5G);IEEE 802.11 WLAN;IEEE 802.22 WRAN;IEEE 1930.1;software-defined networking (SDN);network virtualization},
  doi={10.1109/IEEESTD.2022.9873864}
}

@article{Plane_Separation,
title = {A survey on the architecture, application, and security of software defined networking: Challenges and open issues},
journal = {Internet of Things},
volume = {12},
pages = {100289},
year = {2020},
issn = {2542-6605},
doi = {https://doi.org/10.1016/j.iot.2020.100289},
author = {Kashif Nisar and Emilia Rosa Jimson and Mohd Hanafi Ahmad Hijazi and Ian Welch and Rosilah Hassan and Azana Hafizah Mohd Aman and Ali Hassan Sodhro and Sandeep Pirbhulal and Sohrab Khan},
keywords = {SDN, OpenFlow, Control plane, SDN security},
}

@Article{6G_Beyond,
author={Salahdine, Fatima
and Han, Tao
and Zhang, Ning},
title={5G, 6G, and Beyond: Recent advances and future challenges},
journal={Annals of Telecommunications},
year={2023},
month={Oct},
day={01},
volume={78},
number={9},
pages={525-549},
issn={1958-9395},
doi={10.1007/s12243-022-00938-3}
}

@article{Andrade2021a,
  author    = {E. Andrade and A. Santos and P. D. Maciel and others},
  title     = {Analyzing cooperative monitoring and dissemination of critical mobile events by VANETs},
  journal   = {Wireless Networks},
  volume    = {27},
  number    = {6},
  pages     = {1981--1997},
  year      = {2021},
  doi       = {10.1007/s11276-021-02551-z},
  url       = {https://doi.org/10.1007/s11276-021-02551-z}
}

@INPROCEEDINGS{Andrade2021b,
  author={Andrade, Everaldo and Matos, Fernando and Maciel, Paulo D. and Nogueira, Michele and Santos, Aldri},
  booktitle={IEEE INFOCOM 2021 - IEEE Conference on Computer Communications Workshops (INFOCOM WKSHPS)}, 
  title={Quality Assessment of VANETs-Supported Video Dissemination of Critical Urban Events}, 
  year={2021},
  volume={},
  number={},
  pages={1-6},
  keywords={Conferences;Simulation;Roads;Urban areas;Quality of service;Cardiac arrest;Quality assessment},
  doi={10.1109/INFOCOMWKSHPS51825.2021.9484551}
}

@article{Rocha2022,
  author    = {Rocha, A. L. B. and Cesila, C. H. and Maciel, P. D. and others},
  title     = {{CNS-AOM: Design, Implementation and Integration of an Architecture for Orchestration and Management of Cloud-Network Slices}},
  journal   = {Journal of Network and Systems Management},
  volume    = {30},
  number    = {1},
  pages     = {34},
  year      = {2022},
  doi       = {10.1007/s10922-022-09641-z},
  url       = {https://doi.org/10.1007/s10922-022-09641-z}
}

@article{Silva2024, 
title={{POSITRON: Efficient Allocation of Smart City Multifunctional IoT Devices Aware of Computing Resources}}, 
volume={15}, 
url={https://journals-sol.sbc.org.br/index.php/jisa/article/view/3833}, DOI={10.5753/jisa.2024.3833}, 
number={1}, 
journal={Journal of Internet Services and Applications}, 
author={da Silva, Leandro H. B. and da Silva, Jefferson L. F. and Lins, Ricardo Pereira and Matos, Fernando Menezes and dos Santos, Aldri Luiz and Maciel Jr., Paulo Ditarso}, 
year={2024}, 
month={Jul.}, 
pages={112â€“124} 
}